@incollection{lopes2008evolutionary,
	title={Evolutionary algorithms for the protein folding problem: A review and current trends},
	author={Lopes, Heitor Silv{\'e}rio},
	booktitle={Computational intelligence in biomedicine and bioinformatics},
	pages={297--315},
	year={2008},
	publisher={Springer}
}

@article{lau1989lattice,
	title={A lattice statistical mechanics model of the conformational and sequence spaces of proteins},
	author={Lau, Kit Fun and Dill, Ken A},
	journal={Macromolecules},
	volume={22},
	number={10},
	pages={3986--3997},
	year={1989},
	publisher={ACS Publications}
}
@article{santana2008protein,
	title={Protein folding in simplified models with estimation of distribution algorithms},
	author={Santana, Roberto and Larra{\~n}aga, Pedro and Lozano, Jose Antonio},
	journal={Evolutionary Computation, IEEE Transactions on},
	volume={12},
	number={4},
	pages={418--438},
	year={2008},
	publisher={IEEE}
}
@article{pacheco1999algoritmos,
	title={Algoritmos gen{\'e}ticos: princ{\'\i}pios e aplica{\c{c}}{\~o}es},
	author={Pacheco, Marco Aur{\'e}lio Cavalcanti},
	journal={ICA: Laborat{\'o}rio de Intelig{\^e}ncia Computacional Aplicada. Departamento de Engenharia El{\'e}trica. Pontif{\'\i}cia Universidade Cat{\'o}lica do Rio de Janeiro. Fonte desconhecida},
	year={1999}
}
@phdthesis{santos2007modelo,
	title={Um modelo de otimiza{\c{c}}{\~a}o multiobjetivo para an{\'a}lise de sistemas de recursos h{\'\i}dricos},
	author={SANTOS, VS},
	year={2007},
	school={Disserta{\c{c}}{\~a}o (Mestrado em Engenharia Civil e Ambiental)--Universidade Federal de Campina Grande, Centro de Tecnologia e| Recursos Naturais-Campina Grande}
}
@article{marinhoaplicaccao,
	title={Uma Aplica{\c{c}}ao do Algoritmo Gen{\'e}tico Multiobjetivo NSGA II Para Sele{\c{c}}ao de Imagens de Sat{\'e}lite de Trechos de Mata Atl{\^a}ntica},
	author={Marinho, Davi}
}
@article{dorn2014three,
	title={Three-dimensional protein structure prediction: methods and computational strategies},
	author={Dorn, M{\'a}rcio and e Silva, Mariel Barbachan and Buriol, Luciana S and Lamb, Luis C},
	journal={Computational biology and chemistry},
	volume={53},
	pages={251--276},
	year={2014},
	publisher={Elsevier}
}
@inproceedings{soares2011investigating,
	title={Investigating relevant aspects of MOEAs for protein structures prediction},
	author={Soares Brasil, Christiane Regina and Botazzo Delbem, Alexandre Cl{\'a}udio and Ferraz Bonetti, Daniel Rodrigo},
	booktitle={Proceedings of the 13th annual conference on Genetic and evolutionary computation},
	pages={705--712},
	year={2011},
	organization={ACM}
}
@article{gabriel2012algoritmos,
	title={Algoritmos evolutivos e modelo HP para predi{\c{c}}{\~a}o de estruturas de prote{\'\i}nas},
	author={Gabriel, Paulo HR and de Melo, Vin{\'\i}cius V and Delbem, Alexandre CB},
	journal={Revista de Controle e Automa{\c{c}}{\~a}o},
	volume={23},
	number={1},
	pages={25--37},
	year={2012},
	publisher={SciELO Brasil}
}

@book{pareto,
	title={Manuel d'{\'e}conomie politique},
	author={Baudrillart, Henri Joseph L{\'e}on},
	year={1872},
	publisher={Guillaumin et cie}
}
@inproceedings{fonseca2005tutorial,
	title={A tutorial on the performance assessment of stochastic multiobjective optimizers},
	author={Fonseca, Carlos M and Knowles, Joshua D and Thiele, Lothar and Zitzler, Eckart},
	booktitle={Third International Conference on Evolutionary Multi-Criterion Optimization (EMO 2005)},
	volume={216},
	pages={240},
	year={2005}
}
@article{deb2002fast,
	title={A fast and elitist multiobjective genetic algorithm: NSGA-II},
	author={Deb, Kalyanmoy and Pratap, Amrit and Agarwal, Sameer and Meyarivan, TAMT},
	journal={Evolutionary Computation, IEEE Transactions on},
	volume={6},
	number={2},
	pages={182--197},
	year={2002},
	publisher={IEEE}
}
@inproceedings{zitzler2004indicator,
	title={Indicator-based selection in multiobjective search},
	author={Zitzler, Eckart and K{\"u}nzli, Simon},
	booktitle={Parallel Problem Solving from Nature-PPSN VIII},
	pages={832--842},
	year={2004},
	organization={Springer}
}
@inproceedings{jMetal,
	Address = {Barcelona, Spain},
	Author = { J.J. Durillo and A.J. Nebro and E. Alba  },
	Booktitle = {CEC 2010},
	Month = {July},
	Pages = {4138-4325},
	OPTPublisher = {Springer Berlin / Heidelberg},
	OPTSeries = {Lecture Notes in Computer Science},
	Title = {The jMetal Framework for Multi-Objective Optimization: Design and Architecture},
	OPTVolume = {5467},
	Year = {2010}}
@article{zitzler2003performance,
	title={Performance assessment of multiobjective optimizers: an analysis and review},
	author={Zitzler, Eckart and Thiele, Lothar and Laumanns, Marco and Fonseca, Carlos M and Da Fonseca, Viviane Grunert},
	journal={Evolutionary Computation, IEEE Transactions on},
	volume={7},
	number={2},
	pages={117--132},
	year={2003},
	publisher={IEEE}
}
@article{kruskal1952use,
	title={Use of ranks in one-criterion variance analysis},
	author={Kruskal, William H and Wallis, W Allen},
	journal={Journal of the American statistical Association},
	volume={47},
	number={260},
	pages={583--621},
	year={1952},
	publisher={Taylor \& Francis}
}

@article{figueiredo2013algoritmo,
	title={Algoritmo Baseado em Enxame de Part{\'\i}culas para Otimiza{\c{c}}{\~a}o de Problemas com Muitos Objetivos},
	author={Figueiredo, Elliackin Messias do Nascimento and Ludermir, Teresa Bernarda Orientadora and Bastos Filho, Carmelo Jos{\'e} Albanez Coorientador},
	year={2013},
	publisher={Universidade Federal de Pernambuco}
}
@inproceedings{ishibuchi2008evolutionary,
	title={Evolutionary many-objective optimization},
	author={Ishibuchi, Hisao and Tsukamoto, Noritaka and Nojima, Yusuke},
	booktitle={Genetic and Evolving Systems, 2008. GEFS 2008. 3rd International Workshop on},
	pages={47--52},
	year={2008},
	organization={IEEE}
}
@article{li2012genetic,
  title={Genetic Algorithm with Pull Moves for Folding 2D Model Proteins},
  author={Li, Gang and Liu, Jingfa and Liu, Zhaoxia and Zheng, Yu},
  journal={International Journal of Digital Content Technology and its Applications},
  volume={6},
  number={21},
  pages={412},
  year={2012},
  publisher={Advanced Institutes of Convergence Information Technology}
}

@inproceedings{lesh2003complete,
	title={A complete and effective move set for simplified protein folding},
	author={Lesh, Neal and Mitzenmacher, Michael and Whitesides, Sue},
	booktitle={Proceedings of the seventh annual international conference on Research in computational molecular biology},
	pages={188--195},
	year={2003},
	organization={ACM}
}

@inproceedings{zitzler1998multiobjective,
	title={Multiobjective optimization using evolutionary algorithms—a comparative case study},
	author={Zitzler, Eckart and Thiele, Lothar},
	booktitle={Parallel problem solving from nature—PPSN V},
	pages={292--301},
	year={1998},
	organization={Springer}
}

@inproceedings{zitzler2007hypervolume,
	title={The hypervolume indicator revisited: On the design of Pareto-compliant indicators via weighted integration},
	author={Zitzler, Eckart and Brockhoff, Dimo and Thiele, Lothar},
	booktitle={Evolutionary multi-criterion optimization},
	pages={862--876},
	year={2007},
	organization={Springer}
}

@article{unger1993genetic,
	title={Genetic algorithms for protein folding simulations},
	author={Unger, Ron and Moult, John},
	journal={Journal of molecular biology},
	volume={231},
	number={1},
	pages={75--81},
	year={1993},
	publisher={Elsevier}
}

@article{zhang2002new,
	title={A new sequential importance sampling method and its application to the two-dimensional hydrophobic--hydrophilic model},
	author={Zhang, Junni L and Liu, Jun S},
	journal={The Journal of Chemical Physics},
	volume={117},
	number={7},
	pages={3492--3498},
	year={2002},
	publisher={AIP Publishing}
}

@article{huang2005improved,
	title={Improved simulated annealing algorithm for solving protein folding problem},
	author={HUANG, Wen-qi and Chen, Hao},
	journal={Application Research of Computers},
	volume={8},
	pages={021},
	year={2005}
}

@article{huang2010protein,
	title={Protein folding simulations of 2D HP model by the genetic algorithm based on optimal secondary structures},
	author={Huang, Chenhua and Yang, Xiangbo and He, Zhihong},
	journal={Computational Biology and Chemistry},
	volume={34},
	number={3},
	pages={137--142},
	year={2010},
	publisher={Elsevier}
}

@article{kruskal1952use,
	title={Use of ranks in one-criterion variance analysis},
	author={Kruskal, William H and Wallis, W Allen},
	journal={Journal of the American statistical Association},
	volume={47},
	number={260},
	pages={583--621},
	year={1952},
	publisher={Taylor \& Francis}
}